<?xml version="1.0" encoding="UTF-8" ?><marc:collection xmlns:marc="http://www.loc.gov/MARC21/slim" xmlns:xsi="http://www.w3.org/2001/XMLSchema-instance" xsi:schemaLocation="http://www.loc.gov/MARC21/slim http://www.loc.gov/standards/marcxml/schema/MARC21slim.xsd">
<marc:record><marc:leader>02777cam a2200445Ki 4500</marc:leader>
<marc:controlfield tag="001">b14011931</marc:controlfield>
<marc:controlfield tag="003">UaCaAUL</marc:controlfield><marc:controlfield tag="005">20180212020054.0</marc:controlfield><marc:controlfield tag="008">880721s1937    iq            001 0bara d</marc:controlfield><marc:datafield tag="035" ind1=" " ind2=" "><marc:subfield code="a">(OCoLC)18250184</marc:subfield></marc:datafield><marc:datafield tag="040" ind1=" " ind2=" "><marc:subfield code="a">WAU</marc:subfield><marc:subfield code="b">eng</marc:subfield><marc:subfield code="e">rda</marc:subfield><marc:subfield code="c">WAU</marc:subfield><marc:subfield code="d">IUL</marc:subfield><marc:subfield code="d">OCLCQ</marc:subfield><marc:subfield code="d">OCLCA</marc:subfield><marc:subfield code="d">OCLCQ</marc:subfield><marc:subfield code="d">OCLCF</marc:subfield><marc:subfield code="d">MEAUC</marc:subfield></marc:datafield><marc:datafield tag="049" ind1=" " ind2=" "><marc:subfield code="a">MAIN</marc:subfield></marc:datafield><marc:datafield tag="050" ind1=" " ind2="4"><marc:subfield code="a">BP70</marc:subfield><marc:subfield code="b">.S55 1937</marc:subfield></marc:datafield><marc:datafield tag="066" ind1=" " ind2=" "><marc:subfield code="c">(3</marc:subfield></marc:datafield><marc:datafield tag="090" ind1=" " ind2=" "><marc:subfield code="a">BP70</marc:subfield><marc:subfield code="b">.S55 1937</marc:subfield></marc:datafield><marc:datafield tag="100" ind1="1" ind2=" "><marc:subfield code="6">880-01</marc:subfield><marc:subfield code="a">Fīrūzābādī al-Shīrāzī, Abū Isḥāq Ibrāhīm ibn ʻAlī ibn Yūsuf,</marc:subfield><marc:subfield code="d">approximately 1003-1083.</marc:subfield></marc:datafield><marc:datafield tag="245" ind1="1" ind2="0"><marc:subfield code="6">880-02</marc:subfield><marc:subfield code="a">Ṭabaqāt al-fuqahāʼ /</marc:subfield><marc:subfield code="c">li-Abī Isḥāq al-Shīrāzī al-mutawaffá sanat 476. Wa-yalihi Ṭabāqāt al-Shāfiʻīyah / li-Abī Bakr ibn Ḥidāyat Allāh al-Ḥusaynī al-mulaqqab bi-al-Muṣannif al-mutawaffá sanat 1014 = Classes of jurisprudents / by Abu Ihhaq al Shirazi died on 476 H., and Classes of Shafi-iyah / by Abu Bakir Ibn Hidayat-Ullah al Hussaini surnamed : al Mussannif died on 1014 H.</marc:subfield></marc:datafield><marc:datafield tag="246" ind1="3" ind2="1"><marc:subfield code="a">Classes of jurisprudents.</marc:subfield></marc:datafield><marc:datafield tag="246" ind1="3" ind2="1"><marc:subfield code="a">Classes of Shafi-iyah.</marc:subfield></marc:datafield><marc:datafield tag="264" ind1=" " ind2="1"><marc:subfield code="6">880-03</marc:subfield><marc:subfield code="a">Baghdād :</marc:subfield><marc:subfield code="b">ṭubiʻa ʻalá nafaqat Nuʻmān al-Aʻẓamī al-Katbī ṣāḥib al-Maktabah al-ʻArabīyah,</marc:subfield><marc:subfield code="c">1356 Hijrīyah [1937 or 8]</marc:subfield></marc:datafield><marc:datafield tag="264" ind1=" " ind2="3"><marc:subfield code="6">880-04</marc:subfield><marc:subfield code="a">Baghdād :</marc:subfield><marc:subfield code="b">Maṭbaʻat Baghdād.</marc:subfield></marc:datafield><marc:datafield tag="300" ind1=" " ind2=" "><marc:subfield code="a">5, 166, 4 unnumbered pages, 110 pages ;</marc:subfield><marc:subfield code="c">24 cm.</marc:subfield></marc:datafield><marc:datafield tag="336" ind1=" " ind2=" "><marc:subfield code="a">text</marc:subfield><marc:subfield code="b">txt</marc:subfield><marc:subfield code="2">rdacontent.</marc:subfield></marc:datafield><marc:datafield tag="337" ind1=" " ind2=" "><marc:subfield code="a">unmediated</marc:subfield><marc:subfield code="b">n</marc:subfield><marc:subfield code="2">rdamedia.</marc:subfield></marc:datafield><marc:datafield tag="338" ind1=" " ind2=" "><marc:subfield code="a">volume</marc:subfield><marc:subfield code="b">nc</marc:subfield><marc:subfield code="2">rdacarrier.</marc:subfield></marc:datafield><marc:datafield tag="500" ind1=" " ind2=" "><marc:subfield code="6">880-05</marc:subfield><marc:subfield code="a">Ḥuqūq al-ṭabʻ maḥfūẓah.</marc:subfield></marc:datafield><marc:datafield tag="500" ind1=" " ind2=" "><marc:subfield code="a">Non-Latin script record.</marc:subfield></marc:datafield><marc:datafield tag="650" ind1=" " ind2="0"><marc:subfield code="a">Islamic law</marc:subfield><marc:subfield code="v">Biography.</marc:subfield></marc:datafield><marc:datafield tag="650" ind1=" " ind2="0"><marc:subfield code="a">Shafiites</marc:subfield><marc:subfield code="v">Biography.</marc:subfield></marc:datafield><marc:datafield tag="700" ind1="1" ind2="2"><marc:subfield code="6">880-06</marc:subfield><marc:subfield code="a">Ḥusaynī, Abū Bakr ibn Hidāyat Allāh,</marc:subfield><marc:subfield code="d">-1605 or 1606.</marc:subfield><marc:subfield code="t">Ṭabaqāt al-Shāfiʻīyah.</marc:subfield></marc:datafield><marc:datafield tag="880" ind1=" " ind2="1"><marc:subfield code="6">264-03/(3/r</marc:subfield><marc:subfield code="a">بغداد :‪</marc:subfield><marc:subfield code="b">طبع على نفقة نعمان الاعظمي الكتبي صاحب المكتبة العربية،‪</marc:subfield><marc:subfield code="c">1356 هجرية [1937 أو 8]‪</marc:subfield></marc:datafield><marc:datafield tag="880" ind1="1" ind2=" "><marc:subfield code="6">100-01/(3/r</marc:subfield><marc:subfield code="a">فيروزابادي الشيرازي، ابو اسحاق ابراهيم بن علي بن يوسف،،‪</marc:subfield><marc:subfield code="d">approximately 1003-1083.</marc:subfield></marc:datafield><marc:datafield tag="880" ind1="1" ind2="0"><marc:subfield code="6">245-02/(3/r</marc:subfield><marc:subfield code="a">طبقات الفقهاء /‪</marc:subfield><marc:subfield code="c">لأبى اسحاق الشيرازى المتوفى سنة 476. ويليه طبقات الشافعية / لأبى بكر بن هداية الله الحسينى الملقب بالمصنف المتوفى سنة 1014.‪</marc:subfield></marc:datafield><marc:datafield tag="880" ind1=" " ind2="3"><marc:subfield code="6">264-04/(3/r</marc:subfield><marc:subfield code="a">بغداد :‪</marc:subfield><marc:subfield code="b">مطبعة بغداد..‪</marc:subfield></marc:datafield><marc:datafield tag="880" ind1=" " ind2=" "><marc:subfield code="6">500-05/(3/r</marc:subfield><marc:subfield code="a">حقوق الطبع محفوظة..‪</marc:subfield></marc:datafield><marc:datafield tag="880" ind1="1" ind2="2"><marc:subfield code="6">700-06/(3/r</marc:subfield><marc:subfield code="a">حسيني، ابو بكر بن هداية الله،،‪</marc:subfield><marc:subfield code="d">-1605 or 1606.</marc:subfield><marc:subfield code="t">طبقات الشافعية..‪</marc:subfield></marc:datafield><marc:datafield tag="907" ind1=" " ind2=" "><marc:subfield code="a">.b14011931</marc:subfield><marc:subfield code="b">main </marc:subfield></marc:datafield><marc:datafield tag="902" ind1=" " ind2=" "><marc:subfield code="a">181015</marc:subfield></marc:datafield><marc:datafield tag="998" ind1=" " ind2=" "><marc:subfield code="b">1</marc:subfield><marc:subfield code="c">071003</marc:subfield><marc:subfield code="d">m</marc:subfield><marc:subfield code="e">a</marc:subfield><marc:subfield code="f">-</marc:subfield><marc:subfield code="g">0</marc:subfield><marc:subfield code="k">MAH, TA</marc:subfield></marc:datafield><marc:datafield tag="945" ind1=" " ind2=" "><marc:subfield code="l">main </marc:subfield></marc:datafield></marc:record>
</marc:collection>
